<record><leader>00000cas a22000007a 4500</leader><controlfield tag="001">15584343</controlfield><controlfield tag="008">870424d18981914msucr ne      0    0eng d</controlfield><datafield ind1=" " ind2=" " tag="010"><subfield code="a">sn 87065319 </subfield></datafield><datafield ind1=" " ind2=" " tag="040"><subfield code="a">MJA</subfield><subfield code="b">eng</subfield><subfield code="c">MJA</subfield><subfield code="d">MSJ</subfield><subfield code="d">OCLCQ</subfield></datafield><datafield ind1=" " ind2=" " tag="042"><subfield code="a">msc</subfield></datafield><datafield ind1="0" ind2=" " tag="130"><subfield code="a">Laurel chronicle (Laurel, Miss.)</subfield></datafield><datafield ind1="1" ind2="4" tag="245"><subfield code="a">The Laurel chronicle.</subfield></datafield><datafield ind1="1" ind2="3" tag="246"><subfield code="a">Argus chronicle</subfield></datafield><datafield ind1=" " ind2=" " tag="260"><subfield code="a">Laurel, Miss. :</subfield><subfield code="b">New Laurel Pub. Co.</subfield></datafield><datafield ind1=" " ind2=" " tag="310"><subfield code="a">Semiweekly</subfield></datafield><datafield ind1="1" ind2=" " tag="362"><subfield code="a">Began in 1898; ceased in 1914.</subfield></datafield><datafield ind1=" " ind2=" " tag="500"><subfield code="a">Published with: Laurel daily argus, Dec. 8, 1911-Feb. 23, 1912, and called: Argus chronicle.</subfield></datafield><datafield ind1=" " ind2=" " tag="588"><subfield code="a">Description based on: Vol. 6, no. 76 (Nov. 4, 1902).</subfield></datafield><datafield ind1=" " ind2=" " tag="752"><subfield code="a">United States</subfield><subfield code="b">Mississippi</subfield><subfield code="c">Jones</subfield><subfield code="d">Laurel.</subfield></datafield><datafield ind1="0" ind2="0" tag="780"><subfield code="t">Hustler</subfield></datafield><datafield ind1="0" ind2="7" tag="785"><subfield code="t">Laurel daily argus</subfield><subfield code="w">(OCoLC)15584208</subfield></datafield><datafield ind1="0" ind2="7" tag="785"><subfield code="t">Laurel daily leader</subfield><subfield code="w">(OCoLC)15584434</subfield></datafield></record>